@techreport{exodusII,
  author = "Larry A. Schoof and Victor R. Yarberry",
  title  = "{EXODUS II}: A Finite Element Data Model",
  institution = "Sandia National Laboratories",
  number = "SAND92-2137",
  year = 1992,
  note = "Available at \url{http://endo.sandia.gov/SEACAS/Documentation/exodusII.pdf}"
}

@manual{netcdf-3.5,
  author = "Russ Rew and Robert Pincus",
  title = "Net{CDF} User's Guide for {F}ortran 90",
  edition = "3.5",
  organization = "University Corporation for Atmospheric Research",
  address = "Boulder, Colorado",
  month = "March",
  year = 2002,
  note = "Available from \url{http://www.unidata.ucar.edu/packages/netcdf}"
}
